@article{lamb87,
  author    = {David Alex Lamb},
  title     = {IDL: Sharing Intermediate Representations},
  journal   = {ACM Trans. Program. Lang. Syst.},
  volume    = {9},
  number    = {3},
  year      = {1987},
  pages     = {297-318},
  ee        = {http://doi.acm.org/10.1145/24039.24040},
  bibsource = {DBLP, http://dblp.uni-trier.de}
}
